<?xml version="1.0" encoding="UTF-8"?>
<record xmlns="http://www.loc.gov/MARC21/slim" xmlns:xsi="http://www.w3.org/2001/XMLSchema-instance" xsi:schemaLocation="http://www.loc.gov/MARC21/slim http://www.loc.gov/standards/marcxml/schema/MARC21slim.xsd">
<leader>00000cam a22      a 4500</leader>
<controlfield tag="001">001682321</controlfield>
<controlfield tag="003">NNU</controlfield>
<controlfield tag="005">20150709163652.0</controlfield>
<controlfield tag="008">010925m19699999iq j     b    001 0 araod</controlfield>
<datafield tag="010" ind1=" " ind2=" ">
<subfield code="a">   76961808</subfield>
</datafield>
<datafield tag="035" ind1=" " ind2=" ">
<subfield code="a">(OCoLC)875075092</subfield>
</datafield>
<datafield tag="040" ind1=" " ind2=" ">
<subfield code="a">EUX</subfield>
<subfield code="b">eng</subfield>
<subfield code="c">EUX</subfield>
<subfield code="d">OCLCO</subfield>
<subfield code="d">OCLCF</subfield>
<subfield code="d">NNU</subfield>
</datafield>
<datafield tag="050" ind1=" " ind2="4">
<subfield code="a">BP75.5</subfield>
<subfield code="b">.A8 1969</subfield>
</datafield>
<datafield tag="100" ind1="1" ind2=" ">
<subfield code="6">880-01</subfield>
<subfield code="a">ʻAskarī, Murtaḍá.</subfield>
</datafield>
<datafield tag="245" ind1="1" ind2="0">
<subfield code="6">880-02</subfield>
<subfield code="a">Khamsūn wa-miʼat ṣaḥābī mukhtalaq /</subfield>
<subfield code="c">taʼlīf Murtaḍá al-ʻAskarī.</subfield>
</datafield>
<datafield tag="250" ind1=" " ind2=" ">
<subfield code="6">880-03</subfield>
<subfield code="a">[Al-Ṭabʻah 2 mazīdah-munaqqaḥah].</subfield>
</datafield>
<datafield tag="260" ind1=" " ind2=" ">
<subfield code="6">880-04</subfield>
<subfield code="a">Baghdād :</subfield>
<subfield code="b">Kulliyat Uṣūl al-Dīn,</subfield>
<subfield code="c">1969-</subfield>
</datafield>
<datafield tag="300" ind1=" " ind2=" ">
<subfield code="a">volumes :</subfield>
<subfield code="b">genealogical table ;</subfield>
<subfield code="c">24 cm.</subfield>
</datafield>
<datafield tag="336" ind1=" " ind2=" ">
<subfield code="a">text</subfield>
<subfield code="b">txt</subfield>
<subfield code="2">rdacontent</subfield>
</datafield>
<datafield tag="337" ind1=" " ind2=" ">
<subfield code="a">unmediated</subfield>
<subfield code="b">n</subfield>
<subfield code="2">rdamedia</subfield>
</datafield>
<datafield tag="338" ind1=" " ind2=" ">
<subfield code="a">volume</subfield>
<subfield code="b">nc</subfield>
<subfield code="2">rdacarrier</subfield>
</datafield>
<datafield tag="490" ind1="1" ind2=" ">
<subfield code="6">880-05</subfield>
<subfield code="a">Dirāsāt fī al-ḥadīth wa-al-tārīkh, aḥādīth Sayf ibn ʻUmar ;</subfield>
<subfield code="v">2</subfield>
</datafield>
<datafield tag="500" ind1=" " ind2=" ">
<subfield code="a">al-Qism 1. Dirāsat thalāthat wa-ʻishrīn ṣaḥābīyan mimman ikhtalaqahum Sayf ibn ʻUmar ibn Tamīm.</subfield>
</datafield>
<datafield tag="504" ind1=" " ind2=" ">
<subfield code="a">Bibliography : v.1, p. 337-352.</subfield>
</datafield>
<datafield tag="500" ind1=" " ind2=" ">
<subfield code="a">Includes indexes.</subfield>
</datafield>
<datafield tag="600" ind1="0" ind2="0">
<subfield code="a">Muḥammad,</subfield>
<subfield code="c">Prophet,</subfield>
<subfield code="d">-632</subfield>
<subfield code="x">Friends and associates.</subfield>
</datafield>
<datafield tag="600" ind1="1" ind2="0">
<subfield code="6">880-06</subfield>
<subfield code="a">Tamīmī, Sayf ibn ʻUmar,</subfield>
<subfield code="d">-approximately 815.</subfield>
</datafield>
<datafield tag="600" ind1="0" ind2="7">
<subfield code="a">Muḥammad,</subfield>
<subfield code="c">Prophet,</subfield>
<subfield code="d">-632.</subfield>
<subfield code="2">fast</subfield>
<subfield code="0">(OCoLC)fst01836298</subfield>
</datafield>
<datafield tag="600" ind1="1" ind2="7">
<subfield code="a">Tamīmī, Sayf ibn ʻUmar,</subfield>
<subfield code="d">-approximately 815.</subfield>
<subfield code="2">fast</subfield>
<subfield code="0">(OCoLC)fst01850163</subfield>
</datafield>
<datafield tag="650" ind1=" " ind2="7">
<subfield code="a">Friendship.</subfield>
<subfield code="2">fast</subfield>
<subfield code="0">(OCoLC)fst00935174</subfield>
</datafield>
<datafield tag="880" ind1="1" ind2=" ">
<subfield code="6">100-01/</subfield>
<subfield code="a">عسكري, مرتضى.</subfield>
</datafield>
<datafield tag="880" ind1="1" ind2="0">
<subfield code="6">245-02/</subfield>
<subfield code="a">خمسون و ماية صحابي مختلق /</subfield>
<subfield code="c">تاليف مرتضى العسكري.</subfield>
</datafield>
<datafield tag="880" ind1=" " ind2=" ">
<subfield code="6">250-03/</subfield>
<subfield code="a">[الطبعة ٢. مزيدة و منقحة]</subfield>
</datafield>
<datafield tag="880" ind1=" " ind2=" ">
<subfield code="6">260-04/</subfield>
<subfield code="a">بغداد :</subfield>
<subfield code="b">كلية اصول الدين،</subfield>
<subfield code="c">١٩٦٩-</subfield>
</datafield>
<datafield tag="880" ind1="1" ind2=" ">
<subfield code="6">490-05/</subfield>
<subfield code="a">دراسات في الحديث و التاريخ، احاديث سيف بن عمر ؛</subfield>
<subfield code="v">٢</subfield>
</datafield>
<datafield tag="880" ind1="1" ind2="4">
<subfield code="6">600-06/</subfield>
<subfield code="a">تميمي، سيف بن عمر.</subfield>
</datafield>
<datafield tag="830" ind1=" " ind2="0">
<subfield code="6">880-07</subfield>
<subfield code="a">Dirāsāt fī al-ḥadīth wa-al-tārīkh, aḥādīth Sayf ibn ʻUmar ;</subfield>
<subfield code="v">2.</subfield>
</datafield>
<datafield tag="880" ind1=" " ind2="0">
<subfield code="6">830-07/</subfield>
<subfield code="a">دراسات في الحديث والتاريخ، احاديث سيف بن عمر ؛</subfield>
<subfield code="v">2.</subfield>
</datafield>
<datafield tag="OWN" ind1=" " ind2=" ">
<subfield code="a">GENERAL</subfield>
</datafield>
<datafield tag="AVA" ind1=" " ind2=" ">
<subfield code="a">NYU50</subfield>
<subfield code="b">BOBST</subfield>
<subfield code="c">Main Collection</subfield>
<subfield code="d">BP75.5 .A8</subfield>
<subfield code="e">unavailable</subfield>
<subfield code="t">Unavailable</subfield>
<subfield code="f">1</subfield>
<subfield code="g">1</subfield>
<subfield code="h">Y</subfield>
<subfield code="i">0</subfield>
<subfield code="j">MAIN</subfield>
<subfield code="k">0</subfield>
</datafield>
</record>
